<?xml version="1.0" encoding="UTF-8"?>
<collection xmlns:xsi="http://www.w3.org/2001/XMLSchema-instance" xsi:schemaLocation="http://www.loc.gov/MARC21/slim http://www.loc.gov/standards/marcxml/schema/MARC21slim.xsd" xmlns="http://www.loc.gov/MARC21/slim">
<record>
  <leader>01170cam a2200241 a 4500</leader>
  <controlfield tag="001">2983133</controlfield>
  <controlfield tag="003">NNC</controlfield>
  <controlfield tag="005">20030429141026.0</controlfield>
  <controlfield tag="008">950421s1912    le            000 0carao </controlfield>
  <datafield tag="010" ind1=" " ind2=" ">
    <subfield code="a">   73203795 </subfield>
  </datafield>
  <datafield tag="035" ind1=" " ind2=" ">
    <subfield code="a">(OCoLC)ocm32352677</subfield>
  </datafield>
  <datafield tag="035" ind1=" " ind2=" ">
    <subfield code="9">ASN0317CU</subfield>
  </datafield>
  <datafield tag="040" ind1=" " ind2=" ">
    <subfield code="a">DLC</subfield>
    <subfield code="c">CUY</subfield>
    <subfield code="d">CUY</subfield>
    <subfield code="d">OSU</subfield>
    <subfield code="d">ZCU</subfield>
  </datafield>
  <datafield tag="050" ind1="0" ind2=" ">
    <subfield code="a">PJ7832.I433</subfield>
    <subfield code="b">S5</subfield>
  </datafield>
  <datafield tag="100" ind1="1" ind2=" ">
    <subfield code="a">Ḥillī, Jaʻfar ibn Muḥammad,</subfield>
    <subfield code="d">1861-1898.</subfield>
  </datafield>
  <datafield tag="240" ind1="1" ind2="0">
    <subfield code="a">Siḥr Bābil wa-sajʻ al-balābil</subfield>
  </datafield>
  <datafield tag="245" ind1="1" ind2="0">
    <subfield code="a">Kitāb siḥr Bābil wa-sajʻ al-balābil :</subfield>
    <subfield code="b">aw, Tarājim al-aʻyān wa-al-afāḍil /</subfield>
    <subfield code="c">wa-huwa dīwān Jaʻfar al-Ḥillī al-Najafī ; ʻuniyá bi-nashrihi wa-taṣḥīḥihi wa-ʻallaqa ʻalayhi jumlah min al-fawāyid wa-al-shurūḥ maʻa tarjamihi akthar min dhikr fī aṣl al-dīwān min al-ʻulamāʾ wa-al-shuʻarāʾ wa-al-aʻyān fī wajīz min tārīkh ḥayātihim, al-Najafī.</subfield>
  </datafield>
  <datafield tag="246" ind1="3" ind2="0">
    <subfield code="a">Tarājim al-aʻyān wa-al-afāḍil</subfield>
  </datafield>
  <datafield tag="260" ind1=" " ind2=" ">
    <subfield code="a">Ṣaydā :</subfield>
    <subfield code="b">Maṭbaʻat al-ʻIrfān,</subfield>
    <subfield code="c">1331 [1912 or 1913]</subfield>
  </datafield>
  <datafield tag="300" ind1=" " ind2=" ">
    <subfield code="a">465 p. ;</subfield>
    <subfield code="c">20 cm.</subfield>
  </datafield>
  <datafield tag="651" ind1=" " ind2="0">
    <subfield code="a">Iraq</subfield>
    <subfield code="v">Biography</subfield>
    <subfield code="v">Poetry.</subfield>
  </datafield>
  <datafield tag="700" ind1="1" ind2=" ">
    <subfield code="a">Āl Kāshif al-Ghiṭā, Muḥammad al-Ḥusayn,</subfield>
    <subfield code="d">1877-1954.</subfield>
  </datafield>
  <datafield tag="955" ind1=" " ind2=" ">
    <subfield code="b">0040021734</subfield>
    <subfield code="d">glx</subfield>
    <subfield code="e">PJ7832.I433 S5</subfield>
  </datafield>
</record>
</collection>